@Misc{rfc_2828,
author = {R. Shirey},
title = {RFC 2828 - Internet Security Glossary},
howpublished = {[online]},
publisher = {Citace.cz},
year = {Posledn{\'{i}} modifikace May 2000 [vid. 2019-12-04]},
url = {https://tools.ietf.org/html/rfc2828#section-3},
}
@Book{nmap_book,
author = {Gordon Fyodor Lyon},
title = {Nmap Network Scanning: The Official Nmap Project Guide to Network Discovery and Security Scanning},
year = {2009},
isbn = {978-0-9799587-1-7},
}
